@article{Amjed2013,
author = {Amjed, N. and T{\'{a}}rk{\'{a}}nyi, F. and Ditr{\'{o}}i, F. and Tak{\'{a}}cs, S. and Yuki, H.},
doi = {10.1016/j.apradiso.2013.07.024},
issn = {09698043},
journal = {Applied Radiation and Isotopes},
month = {dec},
pages = {87--99},
title = {{Activation cross-sections of deuteron induced reaction of natural Ni up to 40MeV}},
url = {https://linkinghub.elsevier.com/retrieve/pii/S0969804313003229},
volume = {82},
year = {2013}
}
@article{Avrigeanu2016,
author = {Avrigeanu, M. and {\v{S}}ime{\v{c}}kov{\'{a}}, E. and Fischer, U. and Mr{\'{a}}zek, J. and Novak, J. and {\v{S}}tef{\'{a}}nik, M. and Costache, C. and Avrigeanu, V.},
doi = {10.1103/PhysRevC.94.014606},
issn = {2469-9985},
journal = {Physical Review C},
month = {jul},
number = {1},
pages = {014606},
title = {{Deuteron-induced reactions on Ni isotopes up to 60 MeV}},
url = {https://link.aps.org/doi/10.1103/PhysRevC.94.014606},
volume = {94},
year = {2016}
}
@article{Basunia2018,
author = {Basunia, M. Shamsuzzoha},
doi = {10.1016/j.nds.2018.08.001},
issn = {00903752},
journal = {Nuclear Data Sheets},
month = {jul},
pages = {1--333},
title = {{Nuclear Data Sheets for A=59}},
url = {https://linkinghub.elsevier.com/retrieve/pii/S0090375218300590},
volume = {151},
year = {2018}
}
@article{Browne2007,
author = {Browne, E. and Tuli, J.K.},
doi = {10.1016/j.nds.2007.09.002},
issn = {00903752},
journal = {Nuclear Data Sheets},
month = {oct},
number = {10},
pages = {2173--2318},
title = {{Nuclear Data Sheets for A = 137}},
url = {https://linkinghub.elsevier.com/retrieve/pii/S0090375207000804},
volume = {108},
year = {2007}
}
@article{Browne2013,
author = {Browne, E. and Tuli, J.K.},
doi = {10.1016/j.nds.2013.11.002},
issn = {00903752},
journal = {Nuclear Data Sheets},
month = {dec},
number = {12},
pages = {1849--2022},
title = {{Nuclear Data Sheets for A = 60}},
url = {https://linkinghub.elsevier.com/retrieve/pii/S0090375213000823},
volume = {114},
year = {2013}
}
@article{Browne2010,
author = {Browne, E. and Tuli, J.K.},
doi = {10.1016/j.nds.2010.09.002},
issn = {00903752},
journal = {Nuclear Data Sheets},
month = {sep},
number = {9},
pages = {2425--2553},
title = {{Nuclear Data Sheets for A = 65}},
url = {https://linkinghub.elsevier.com/retrieve/pii/S0090375210000864},
volume = {111},
year = {2010}
}
@article{Dong2014,
author = {Dong, Yang and Junde, Huo},
doi = {10.1016/j.nds.2014.09.001},
issn = {00903752},
journal = {Nuclear Data Sheets},
month = {sep},
pages = {1--142},
title = {{Nuclear Data Sheets for A = 54}},
url = {https://linkinghub.elsevier.com/retrieve/pii/S0090375214006553},
volume = {121},
year = {2014}
}
@article{Dong2015,
author = {Dong, Yang and Junde, Huo},
doi = {10.1016/j.nds.2015.08.003},
issn = {00903752},
journal = {Nuclear Data Sheets},
month = {sep},
pages = {185--314},
title = {{Nuclear Data Sheets for A = 52}},
url = {https://linkinghub.elsevier.com/retrieve/pii/S0090375215000368},
volume = {128},
year = {2015}
}
@article{ERJUN2001,
author = {ERJUN, BAI and JUNDE, HUO},
doi = {10.1006/ndsh.2001.0002},
issn = {00903752},
journal = {Nuclear Data Sheets},
month = {jan},
number = {1},
pages = {147--252},
title = {{Nuclear Data Sheets for A = 63}},
url = {https://linkinghub.elsevier.com/retrieve/pii/S009037520190002X},
volume = {92},
year = {2001}
}
@article{Hermanne2013,
author = {Hermanne, A. and Tak{\'{a}}cs, S. and Adam-Rebeles, R. and T{\'{a}}rk{\'{a}}nyi, F. and Tak{\'{a}}cs, M.P.},
doi = {10.1016/j.nimb.2013.01.005},
issn = {0168583X},
journal = {Nuclear Instruments and Methods in Physics Research Section B: Beam Interactions with Materials and Atoms},
month = {mar},
pages = {8--23},
title = {{New measurements and evaluation of database for deuteron induced reaction on Ni up to 50MeV}},
url = {https://linkinghub.elsevier.com/retrieve/pii/S0168583X13000165},
volume = {299},
year = {2013}
}
@article{Howell1992,
author = {Howell, Roger W.},
doi = {10.1118/1.596927},
issn = {00942405},
journal = {Medical Physics},
month = {nov},
number = {6},
pages = {1371--1383},
title = {{Radiation spectra for Auger-electron emitting radionuclides: Report No. 2 of AAPM Nuclear Medicine Task Group No. 6}},
url = {http://doi.wiley.com/10.1118/1.596927},
volume = {19},
year = {1992}
}
@article{Howell1991,
author = {Howell, Roger W. and Rao, Dandamudi V. and Hou, De-Yan and Narra, Venkat R. and Sastry, Kandula S. R.},
doi = {10.2307/3578051},
issn = {00337587},
journal = {Radiation Research},
month = {dec},
number = {3},
pages = {282},
title = {{The Question of Relative Biological Effectiveness and Quality Factor for Auger Emitters Incorporated into Proliferating Mammalian Cells}},
url = {https://www.jstor.org/stable/3578051?origin=crossref},
volume = {128},
year = {1991}
}
@article{Junde2008,
author = {Junde, Huo},
doi = {10.1016/j.nds.2008.03.001},
issn = {00903752},
journal = {Nuclear Data Sheets},
month = {apr},
number = {4},
pages = {787--942},
title = {{Nuclear Data Sheets for A = 55}},
url = {https://linkinghub.elsevier.com/retrieve/pii/S0090375208000197},
volume = {109},
year = {2008}
}
@article{Junde2011,
author = {Junde, Huo and Su, Huo and Dong, Yang},
doi = {10.1016/j.nds.2011.04.004},
issn = {00903752},
journal = {Nuclear Data Sheets},
month = {jun},
number = {6},
pages = {1513--1645},
title = {{Nuclear Data Sheets for A = 56}},
url = {https://linkinghub.elsevier.com/retrieve/pii/S0090375211000457},
volume = {112},
year = {2011}
}
@article{Khazov2011,
author = {Khazov, Yu. and Rodionov, A. and Kondev, F.G.},
doi = {10.1016/j.nds.2011.03.001},
issn = {00903752},
journal = {Nuclear Data Sheets},
month = {apr},
number = {4},
pages = {855--1113},
title = {{Nuclear Data Sheets for A = 133}},
url = {https://linkinghub.elsevier.com/retrieve/pii/S0090375211000202},
volume = {112},
year = {2011}
}
@article{Martin2013,
author = {Martin, M.J.},
doi = {10.1016/j.nds.2013.11.001},
issn = {00903752},
journal = {Nuclear Data Sheets},
month = {nov},
number = {11},
pages = {1497--1847},
title = {{Nuclear Data Sheets for A = 152}},
url = {https://linkinghub.elsevier.com/retrieve/pii/S0090375213000744},
volume = {114},
year = {2013}
}
@article{Nesaraja2010,
author = {Nesaraja, Caroline D. and Geraedts, Scott D. and Singh, Balraj},
doi = {10.1016/j.nds.2010.03.003},
issn = {00903752},
journal = {Nuclear Data Sheets},
month = {apr},
number = {4},
pages = {897--1092},
title = {{Nuclear Data Sheets for A = 58}},
url = {https://linkinghub.elsevier.com/retrieve/pii/S0090375210000359},
volume = {111},
year = {2010}
}
@article{Nichols2012,
author = {Nichols, Alan L. and Singh, Balraj and Tuli, Jagdish K.},
doi = {10.1016/j.nds.2012.04.002},
issn = {00903752},
journal = {Nuclear Data Sheets},
month = {apr},
number = {4},
pages = {973--1114},
title = {{Nuclear Data Sheets for A = 62}},
url = {https://linkinghub.elsevier.com/retrieve/pii/S0090375212000312},
volume = {113},
year = {2012}
}
@inproceedings{Ochiai2007,
address = {Les Ulis, France},
author = {Ochiai, K. and Nakao, M. and Kubota, N. and Sato, S. and Yamauchi, M. and Ishioka, N. H. and Nishitani, T. and Konno, C.},
booktitle = {ND2007},
doi = {10.1051/ndata:07663},
month = {may},
publisher = {EDP Sciences},
title = {{Deuteron induced activation cross section measurement for IFMIF}},
url = {http://nd2007.edpsciences.org/10.1051/ndata:07663},
year = {2007}
}
@article{Qaim2017c,
author = {Qaim, Syed M.},
doi = {10.1016/j.nucmedbio.2016.08.016},
issn = {09698051},
journal = {Nuclear Medicine and Biology},
month = {jan},
pages = {31--49},
title = {{Nuclear data for production and medical application of radionuclides: Present status and future needs}},
url = {https://linkinghub.elsevier.com/retrieve/pii/S0969805116302190},
volume = {44},
year = {2017}
}
@article{ShamsuzzohaBasunia2017a,
author = {{Shamsuzzoha Basunia}, M.},
doi = {10.1016/j.nds.2017.08.001},
issn = {00903752},
journal = {Nuclear Data Sheets},
month = {jul},
pages = {1--381},
title = {{Nuclear Data Sheets for A=193}},
url = {https://linkinghub.elsevier.com/retrieve/pii/S0090375217300443},
volume = {143},
year = {2017}
}
@article{Takacs1997,
author = {Tak{\'{a}}cs, S. and Sonck, M. and Azzam, A. and Hermanne, A. and T{\'{a}}rk{\'{a}}nyi, F.},
doi = {10.1524/ract.1997.76.12.15},
issn = {2193-3405},
journal = {Radiochimica Acta},
month = {jan},
number = {1-2},
title = {{Activation Gross Section Measurements of Deuteron Induced Reactions on nat Ni with Special Reference to Beam Monitoring and Production of for 61Cu Medical Purpose}},
url = {http://www.degruyter.com/view/j/ract.1997.76.issue-1-2/ract.1997.76.12.15/ract.1997.76.12.15.xml},
volume = {76},
year = {1997}
}
@article{Takacs2007,
author = {Tak{\'{a}}cs, S. and T{\'{a}}rk{\'{a}}nyi, F. and Kir{\'{a}}ly, B. and Hermanne, A. and Sonck, M.},
doi = {10.1016/j.nimb.2006.11.136},
issn = {0168583X},
journal = {Nuclear Instruments and Methods in Physics Research Section B: Beam Interactions with Materials and Atoms},
month = {jul},
number = {2},
pages = {495--507},
title = {{Evaluated activation cross sections of longer-lived radionuclides produced by deuteron induced reactions on natural nickel}},
url = {https://linkinghub.elsevier.com/retrieve/pii/S0168583X07004715},
volume = {260},
year = {2007}
}
@article{Usman2016,
author = {Usman, Ahmed Rufai and Khandaker, Mayeen Uddin and Haba, Hiromitsu and Murakami, Masashi and Otuka, Naohiko},
doi = {10.1016/j.nimb.2015.10.077},
issn = {0168583X},
journal = {Nuclear Instruments and Methods in Physics Research Section B: Beam Interactions with Materials and Atoms},
month = {feb},
pages = {112--119},
title = {{Measurements of deuteron-induced reaction cross-sections on natural nickel up to 24 MeV}},
url = {https://linkinghub.elsevier.com/retrieve/pii/S0168583X15012744},
volume = {368},
year = {2016}
}
@article{Yeong2014a,
author = {Yeong, Chai-Hong and Cheng, Mu-hua and Ng, Kwan-Hoong},
doi = {10.1631/jzus.B1400131},
issn = {1673-1581},
journal = {Journal of Zhejiang University SCIENCE B},
month = {oct},
number = {10},
pages = {845--863},
title = {{Therapeutic radionuclides in nuclear medicine: current and future prospects}},
url = {http://link.springer.com/10.1631/jzus.B1400131},
volume = {15},
year = {2014}
}
@article{Zuber2015,
author = {Zuber, Kazimierz and Singh, Balraj},
doi = {10.1016/j.nds.2015.02.001},
issn = {00903752},
journal = {Nuclear Data Sheets},
month = {mar},
pages = {1--200},
title = {{Nuclear Data Sheets for A = 61}},
url = {https://linkinghub.elsevier.com/retrieve/pii/S0090375215000022},
volume = {125},
year = {2015}
}
@article{Zweit1991,
author = {Zweit, J. and Smith, A.M. and Downey, S. and Sharma, H.L.},
doi = {10.1016/0883-2889(91)90073-A},
issn = {08832889},
journal = {International Journal of Radiation Applications and Instrumentation. Part A. Applied Radiation and Isotopes},
month = {jan},
number = {2},
pages = {193--197},
title = {{Excitation functions for deuteron induced reactions in natural nickel: Production of no-carrier-added 64Cu from enriched 64Ni targets for positron emission tomography}},
url = {https://linkinghub.elsevier.com/retrieve/pii/088328899190073A},
volume = {42},
year = {1991}
}
